@book{nocedal_numerical_2006,
  address =       {New York},
  author =        {Nocedal, Jorge and Wright, Stephen J.},
  edition =       {2nd},
  publisher =     {Springer},
  series =        {Springer series in operations research},
  title =         {Numerical optimization},
  year =          {2006},
  isbn =          {978-0-387-30303-1},
  language =      {en},
}

@article{wachter2006implementation,
  author =        {W{\"a}chter, Andreas and Biegler, Lorenz T},
  journal =       {Mathematical Programming},
  number =        {1},
  pages =         {25--57},
  publisher =     {Springer},
  title =         {On the implementation of an interior-point filter
                   line-search algorithm for large-scale nonlinear
                   programming},
  volume =        {106},
  year =          {2006},
}

@article{waltz2006interior,
  author =        {Waltz, Richard A and Morales, Jos{\'e} Luis and
                   Nocedal, Jorge and Orban, Dominique},
  journal =       {Mathematical Programming},
  number =        {3},
  pages =         {391--408},
  publisher =     {Springer},
  title =         {An interior algorithm for nonlinear optimization that
                   combines line search and trust region steps},
  volume =        {107},
  year =          {2006},
}

@article{tasseff2019exploring,
  author =        {Tasseff, Byron and Coffrin, Carleton and
                   W{\"a}chter, Andreas and Laird, Carl},
  journal =       {arXiv preprint arXiv:1909.08104},
  title =         {Exploring Benefits of Linear Solver Parallelism on
                   Modern Nonlinear Optimization Applications},
  year =          {2019},
}

@article{swirydowicz2021linear,
  author =        {{\'S}wirydowicz, Kasia and Darve, Eric and
                   Jones, Wesley and Maack, Jonathan and Regev, Shaked and
                   Saunders, Michael A and Thomas, Stephen J and
                   Pele{\v{s}}, Slaven},
  journal =       {Parallel Computing},
  pages =         {102870},
  publisher =     {Elsevier},
  title =         {Linear solvers for power grid optimization problems:
                   a review of {GPU}-accelerated linear solvers},
  year =          {2021},
}

@article{duff2004ma57,
  title={{MA57}---a code for the solution of sparse symmetric definite and indefinite systems},
  author={Duff, Iain S},
  journal={ACM Transactions on Mathematical Software (TOMS)},
  volume={30},
  number={2},
  pages={118--144},
  year={2004},
  publisher={ACM New York, NY, USA}
}


@article{schubiger2020gpu,
  author =        {Schubiger, Michel and Banjac, Goran and
                   Lygeros, John},
  journal =       {Journal of Parallel and Distributed Computing},
  pages =         {55--67},
  publisher =     {Elsevier},
  title =         {{GPU} acceleration of {ADMM} for large-scale quadratic
                   programming},
  volume =        {144},
  year =          {2020},
}

@article{kim2021leveraging,
  author =        {Kim, Youngdae and Pacaud, Fran{\c{c}}ois and
                   Kim, Kibaek and Anitescu, Mihai},
  journal =       {arXiv preprint arXiv:2106.14995},
  title =         {Leveraging {GPU} batching for scalable nonlinear
                   programming through massive {Lagrangian} decomposition},
  year =          {2021},
}

@article{schenk2004solving,
  title={Solving unsymmetric sparse systems of linear equations with {PARDISO}},
  author={Schenk, Olaf and G{\"a}rtner, Klaus},
  journal={Future Generation Computer Systems},
  volume={20},
  number={3},
  pages={475--487},
  year={2004},
  publisher={Elsevier}
}

@article{duff1983multifrontal,
  title={The multifrontal solution of indefinite sparse symmetric linear},
  author={Duff, Iain S and Reid, John K},
  journal={ACM Transactions on Mathematical Software (TOMS)},
  volume={9},
  number={3},
  pages={302--325},
  year={1983},
  publisher={ACM New York, NY, USA}
}

@article{pacaud2022condensed,
  title={Accelerating condensed interior-point methods on {SIMD/GPU} architectures},
  author={Pacaud, Fran{\c{c}}ois and Shin, Sungho and Schanen, Michel and Maldonado, Daniel Adrian and Anitescu, Mihai},
  journal={Journal of Optimization Theory and Applications},
  pages={1--20},
  year={2023},
  publisher={Springer}
}

@article{chen2008algorithm,
  title={Algorithm 887: {CHOLMOD}, supernodal sparse {Cholesky} factorization and update/downdate},
  author={Chen, Yanqing and Davis, Timothy A and Hager, William W and Rajamanickam, Sivasankaran},
  journal={ACM Transactions on Mathematical Software (TOMS)},
  volume={35},
  number={3},
  pages={1--14},
  year={2008},
  publisher={ACM New York, NY, USA}
}

@article{regev2023hykkt,
  title={{HyKKT}: a hybrid direct-iterative method for solving {KKT} linear systems},
  author={Regev, Shaked and Chiang, Nai-Yuan and Darve, Eric and Petra, Cosmin G and Saunders, Michael A and {\'S}wirydowicz, Kasia and Pele{\v{s}}, Slaven},
  journal={Optimization Methods and Software},
  volume={38},
  number={2},
  pages={332--355},
  year={2023},
  publisher={Taylor \& Francis}
}

@article{shin2023accelerating,
  title={Accelerating optimal power flow with {GPUs}: {SIMD} abstraction of nonlinear programs and condensed-space interior-point methods},
  author={Shin, Sungho and Pacaud, Fran{\c{c}}ois and Anitescu, Mihai},
  journal={arXiv preprint arXiv:2307.16830},
  year={2023}
}

@article{biegler1995reduced,
  author =        {Biegler, Lorenz T and Nocedal, Jorge and
                   Schmid, Claudia},
  journal =       {SIAM Journal on Optimization},
  number =        {2},
  pages =         {314--347},
  publisher =     {SIAM},
  title =         {A reduced {Hessian} method for large-scale constrained
                   optimization},
  volume =        {5},
  year =          {1995},
}

@article{benzi2005numerical,
  title={Numerical solution of saddle point problems},
  author={Benzi, Michele and Golub, Gene H and Liesen, J{\"o}rg},
  journal={Acta numerica},
  volume={14},
  pages={1--137},
  year={2005},
  publisher={Cambridge University Press}
}

@article{golub2003solving,
  title={On solving block-structured indefinite linear systems},
  author={Golub, Gene H and Greif, Chen},
  journal={SIAM Journal on Scientific Computing},
  volume={24},
  number={6},
  pages={2076--2092},
  year={2003},
  publisher={SIAM}
}

@article{gould2001solution,
  title={On the solution of equality constrained quadratic programming problems arising in optimization},
  author={Gould, Nicholas IM and Hribar, Mary E and Nocedal, Jorge},
  journal={SIAM Journal on Scientific Computing},
  volume={23},
  number={4},
  pages={1376--1395},
  year={2001},
  publisher={SIAM}
}
